@article{ding2024entgpt,
  title={EntGPT: Linking Generative Large Language Models with Knowledge Bases},
  author={Ding, Yifan and Poudel, Amrit and Zeng, Qingkai and Weninger, Tim and Veeramani, Balaji and Bhattacharya, Sanmitra},
  journal={arXiv:2402.06738},
  year={2024},
  url={https://arxiv.org/pdf/2402.06738}
}

@article{wikidata,
  author       = {Denny Vrandecic and
                  Markus Kr{\"{o}}tzsch},
  title        = {Wikidata: a free collaborative knowledgebase},
  journal      = {Commun. {ACM}},
  volume       = {57},
  number       = {10},
  pages        = {78--85},
  year         = {2014},
  url          = {https://doi.org/10.1145/2629489},
  doi          = {10.1145/2629489},
}

@inproceedings{dbpedia,
  author       = {S{\"{o}}ren Auer and
                  Christian Bizer and
                  Georgi Kobilarov and
                  Jens Lehmann and
                  Richard Cyganiak and
                  Zachary G. Ives},
  title        = {DBpedia: {A} Nucleus for a Web of Open Data},
  booktitle    = {ISWC},
  year         = {2007},
  url          = {https://doi.org/10.1007/978-3-540-76298-0\_52},
  doi          = {10.1007/978-3-540-76298-0\_52},
}

@inproceedings{yago,
  author       = {Fabian M. Suchanek and
                  Gjergji Kasneci and
                  Gerhard Weikum},
  title        = {Yago: a core of semantic knowledge},
  booktitle    = {WWW},
  year         = {2007},
  url          = {https://doi.org/10.1145/1242572.1242667},
  doi          = {10.1145/1242572.1242667},
}

@article{machine-knowledge,
  title={Machine knowledge: Creation and curation of comprehensive knowledge bases},
  author={Weikum, Gerhard and Dong, Xin Luna and Razniewski, Simon and Suchanek, Fabian and others},
  journal={Foundations and Trends in Databases},
  volume={10},
  number={2-4},
  pages={108--490},
  year={2021},
  publisher={Now Publishers, Inc.},
  doi = {10.1561/1900000064},
}

@inproceedings{bordea2016semeval,
  author       = {Georgeta Bordea and
                  Els Lefever and
                  Paul Buitelaar},
  editor       = {Steven Bethard and
                  Daniel M. Cer and
                  Marine Carpuat and
                  David Jurgens and
                  Preslav Nakov and
                  Torsten Zesch},
  title        = {SemEval-2016 Task 13: Taxonomy Extraction Evaluation (TExEval-2)},
  booktitle    = {SemEval@NAACL-HLT},
  year         = {2016},
  url          = {https://doi.org/10.18653/v1/s16-1168},
  doi          = {10.18653/V1/S16-1168},
}


@inproceedings{xiongcan,
  author       = {Miao Xiong and
                  Zhiyuan Hu and
                  Xinyang Lu and
                  Yifei Li and
                  Jie Fu and
                  Junxian He and
                  Bryan Hooi},
  title        = {Can LLMs Express Their Uncertainty? An Empirical Evaluation of Confidence
                  Elicitation in LLMs},
  booktitle    = {ICLR},
  year         = {2024},
  url          = {https://openreview.net/forum?id=gjeQKFxFpZ},
}

@article{kahnemann,
title = {Availability: A heuristic for judging frequency and probability},
journal = {Cognitive Psychology},
volume = {5},
number = {2},
pages = {207-232},
year = {1973},
issn = {0010-0285},
doi = {https://doi.org/10.1016/0010-0285(73)90033-9},
url = {https://www.sciencedirect.com/science/article/pii/0010028573900339},
author = {Amos Tversky and Daniel Kahneman},
}


@inproceedings{brin1998extracting,
  author       = {Sergey Brin},
  title        = {Extracting Patterns and Relations from the World Wide Web},
  booktitle    = {WebDB},
  year         = {1998},
  url          = {https://doi.org/10.1007/10704656\_11},
  doi          = {10.1007/10704656\_11},
}

@inproceedings{reversalcurse,
  title={The Reversal Curse: LLMs trained on “A is B” fail to learn “B is A”},
  author={Berglund, Lukas and Tong, Meg and Kaufmann, Maximilian and Balesni, Mikita and Stickland, Asa Cooper and Korbak, Tomasz and Evans, Owain},
  year=2024,
  doi={https://doi.org/10.48550/arXiv.2309.12288},
  booktitle={ICLR}
}


@inproceedings{agichtein2000snowball,
  author       = {Eugene Agichtein and
                  Luis Gravano},
  title        = {\emph{Snowball}: extracting relations from large plain-text collections},
  booktitle    = {Proceedings of the Fifth {ACM} Conference on Digital Libraries},
  year         = {2000},
  url          = {https://doi.org/10.1145/336597.336644},
  doi          = {10.1145/336597.336644},
}

@article{hogan2021knowledge,
  author       = {Aidan Hogan and
                  Eva Blomqvist and
                  Michael Cochez and
                  Claudia d'Amato and
                  Gerard de Melo and
                  Claudio Gutierrez and
                  Sabrina Kirrane and
                  Jos{\'{e}} Emilio Labra Gayo and
                  Roberto Navigli and
                  Sebastian Neumaier and
                  Axel{-}Cyrille Ngonga Ngomo and
                  Axel Polleres and
                  Sabbir M. Rashid and
                  Anisa Rula and
                  Lukas Schmelzeisen and
                  Juan F. Sequeda and
                  Steffen Staab and
                  Antoine Zimmermann},
  title        = {Knowledge Graphs},
  journal      = {{ACM} Comput. Surv.},
  volume       = {54},
  number       = {4},
  pages        = {71:1--71:37},
  year         = {2022},
  url          = {https://doi.org/10.1145/3447772},
  doi          = {10.1145/3447772},
  timestamp    = {Mon, 26 Jun 2023 20:52:30 +0200},
  biburl       = {https://dblp.org/rec/journals/csur/HoganBCdMGKGNNN21.bib},
  bibsource    = {dblp computer science bibliography, https://dblp.org}
}


@inproceedings{etzioni2004web,
  author       = {Oren Etzioni and
                  Michael J. Cafarella and
                  Doug Downey and
                  Stanley Kok and
                  Ana{-}Maria Popescu and
                  Tal Shaked and
                  Stephen Soderland and
                  Daniel S. Weld and
                  Alexander Yates},
  title        = {Web-scale information extraction in knowitall: (preliminary results)},
  booktitle    = {WWW},
  year         = {2004},
  url          = {https://doi.org/10.1145/988672.988687},
  doi          = {10.1145/988672.988687},
}



@inproceedings{paulheim2018much,
  author       = {Heiko Paulheim},
  editor       = {Marieke van Erp and
                  Medha Atre and
                  Vanessa L{\'{o}}pez and
                  Kavitha Srinivas and
                  Carolina Fortuna},
  title        = {How much is a Triple? Estimating the Cost of Knowledge Graph Creation},
  booktitle    = {ISWC P\&D},
  year         = {2018},
  url          = {https://ceur-ws.org/Vol-2180/ISWC\_2018\_Outrageous\_Ideas\_paper\_10.pdf},
}


@article{bubeck2023sparks,
  title={Sparks of artificial general intelligence: Early experiments with gpt-4},
  author={Bubeck, S{\'e}bastien and Chandrasekaran, Varun and Eldan, Ronen and Gehrke, Johannes and Horvitz, Eric and Kamar, Ece and Lee, Peter and Lee, Yin Tat and Li, Yuanzhi and Lundberg, Scott and others},
  journal={arXiv:2303.12712},
  year={2023},
  url={https://arxiv.org/abs/2303.12712}
}

@inproceedings{veseli2023evaluating,
  title={Evaluating language models for knowledge base completion},
  author={Veseli, Blerta and Singhania, Sneha and Razniewski, Simon and Weikum, Gerhard},
  booktitle={ESWC},
  year={2023},
  doi={10.1007/978-3-031-33455-9\_14},
}

@inproceedings{sun2024head,
  title={Head-to-Tail: How Knowledgeable are Large Language Models (LLMs)? AKA Will LLMs Replace Knowledge Graphs?},
  author={Sun, Kai and Xu, Yifan and Zha, Hanwen and Liu, Yue and Dong, Xin Luna},
  booktitle={NAACL},
  year={2024}
}

@misc{singhal2012knowledgegraph,
  author = {Amit Singhal},
  title = {Introducing the Knowledge Graph: Things, Not Strings},
  year = {2012},
  month = may,
  day = {16},
  url = {https://googleblog.blogspot.com/2012/05/introducing-knowledge-graph-things-not.html},
  note = {Google Official Blog. Retrieved September 25, 2024}
}

@inproceedings{dong2020autoknow,
  title={Autoknow: Self-driving knowledge collection for products of thousands of types},
  author={Dong, Xin Luna and He, Xiang and Kan, Andrey and Li, Xian and Liang, Yan and Ma, Jun and Xu, Yifan Ethan and Zhang, Chenwei and Zhao, Tong and Blanco Saldana, Gabriel and others},
  booktitle={KDD},
  year={2020},
  url={https://dl.acm.org/doi/abs/10.1145/3394486.3403323}
}

@inproceedings{reverb,
    title = "Identifying Relations for Open Information Extraction",
    author = "Fader, Anthony  and
      Soderland, Stephen  and
      Etzioni, Oren",
    editor = "Barzilay, Regina  and
      Johnson, Mark",
    booktitle = "EMNLP",
    month = jul,
    year = "2011",
    url = "https://aclanthology.org/D11-1142",
}

@article{adam2024traceable,
  title={Traceable LLM-based validation of statements in knowledge graphs},
  author={Adam, Daniel and Kliegr, Tom{\'a}{\v{s}}},
  journal={arXiv:2409.07507},
  year={2024},
  url={https://www.arxiv.org/abs/2409.07507}
}


@article{nell,
  title={Never-ending learning},
  author={Mitchell, Tom and Cohen, William and Hruschka, Estevam and Talukdar, Partha and Yang, Bishan and Betteridge, Justin and Carlson, Andrew and Dalvi, Bhavana and Gardner, Matt and Kisiel, Bryan and others},
  journal={Communications of the ACM},
  volume={61},
  number={5},
  pages={103--115},
  year={2018},
  url={https://cacm.acm.org/research/never-ending-learning/}
}


@article{dbpedia-statistics,
  title={Dbpedia--a large-scale, multilingual knowledge base extracted from wikipedia},
  author={Lehmann, Jens and Isele, Robert and Jakob, Max and Jentzsch, Anja and Kontokostas, Dimitris and Mendes, Pablo N and Hellmann, Sebastian and Morsey, Mohamed and Van Kleef, Patrick and Auer, S{\"o}ren and others},
  journal={Semantic web},
  volume={6},
  number={2},
  pages={167--195},
  year={2015},
url={https://www.semantic-web-journal.net/system/files/swj499.pdf}
}

@inproceedings{funk2023towards,
  author       = {Maurice Funk and
                  Simon Hosemann and
                  Jean Christoph Jung and
                  Carsten Lutz},
  editor       = {Simon Razniewski and
                  Jan{-}Christoph Kalo and
                  Sneha Singhania and
                  Jeff Z. Pan},
  title        = {Towards Ontology Construction with Language Models},
  booktitle    = {KBC-LM Workshop},
  year         = {2023},
  url          = {https://ceur-ws.org/Vol-3577/paper16.pdf},
}
@inproceedings{peng2024refining,
author = {Peng, Yiwen and Bonald, Thomas and Alam, Mehwish},
title = {Refining Wikidata Taxonomy using Large Language Models},
year = {2024},
isbn = {9798400704369},
url = {https://doi.org/10.1145/3627673.3679156},
doi = {10.1145/3627673.3679156},
booktitle = {CIKM},
}


@article{razniewski2024completeness,
  title={Completeness, Recall, and Negation in Open-World Knowledge Bases: A Survey},
  author={Razniewski, Simon and Arnaout, Hiba and Ghosh, Shrestha and Suchanek, Fabian},
  journal={ACM Computing Surveys},
  volume={56},
  number={6},
  pages={1--42},
  year={2024},
url={https://dl.acm.org/doi/pdf/10.1145/3639563}
}



@article{kopcke2010frameworks,
  title={Frameworks for entity matching: A comparison},
  author={K{\"o}pcke, Hanna and Rahm, Erhard},
  journal={Data \& Knowledge Engineering},
  volume={69},
  number={2},
  pages={197--210},
  year={2010},
  publisher={Elsevier},
  url={https://www.sciencedirect.com/science/article/pii/S0169023X09001451}
}

@article{allen2024physics,
  title={Physics of language models: Part 3.3, knowledge capacity scaling laws},
  author={Allen-Zhu, Zeyuan and Li, Yuanzhi},
  journal={arXiv:2404.05405},
  year={2024},
  url={https://arxiv.org/abs/2404.05405}
}

@MISC{llmology,
author = {Nosta, John},
title = {LLMology: Exploring the Cognitive Frontier of AI},
year = {2024},
month = {10},
day = {4},
url={https://www.psychologytoday.com/intl/blog/the-digital-self/202410/llmology-exploring-the-cognitive-frontier-of-ai},
note={Psychology Today. Retrieved November 7, 2024},
}


@article{bush1945we,
  title={As we may think},
  author={Bush, Vannevar},
  journal={Atlantic Monthly, July},
  year={1945},
  url={https://www.theatlantic.com/magazine/archive/1945/07/as-we-may-think/303881/}
}




@inproceedings{shaik2021analyzing,
  title={Analyzing race and citizenship bias in Wikidata},
  author={Shaik, Zaina and Ilievski, Filip and Morstatter, Fred},
  booktitle={International conference on mobile Ad Hoc and smart systems (MASS)},
  year={2021},
  url={https://arxiv.org/abs/2108.05412}
}


@article{farber2018linked,
  title={Linked data quality of dbpedia, freebase, opencyc, wikidata, and yago},
  author={F{\"a}rber, Michael and Bartscherer, Frederic and Menne, Carsten and Rettinger, Achim},
  journal={Semantic Web},
  volume={9},
  number={1},
  pages={77--129},
  year={2018},
  publisher={IOS Press},
  url={https://www.semantic-web-journal.net/system/files/swj1366.pdf}
}


@article{wu2024towards,
  title={Towards Reliable Latent Knowledge Estimation in LLMs: In-Context Learning vs. Prompting Based Factual Knowledge Extraction},
  author={Wu, Qinyuan and Khan, Mohammad Aflah and Das, Soumi and Nanda, Vedant and Ghosh, Bishwamittra and Kolling, Camila and Speicher, Till and Bindschaedler, Laurent and Gummadi, Krishna P and Terzi, Evimaria},
  journal={arXiv:2404.12957},
  doi={10.48550/arXiv.2404.12957},
  year={2024}
}


@article{fierro2024defining,
  title={Defining Knowledge: Bridging Epistemology and Large Language Models},
  author={Fierro, Constanza and Dhar, Ruchira and Stamatiou, Filippos and Garneau, Nicolas and S{\o}gaard, Anders},
  journal={arXiv:2410.02499},
  year={2024},
  url={https://arxiv.org/abs/2410.02499}
}


@inproceedings{reverb-linked,
    title = "Entity Linking at Web Scale",
    author = "Lin, Thomas  and
      {Mausam}  and
      Etzioni, Oren",
    booktitle = "AKBC-WEKEX",
    year = "2012",
    url = "https://aclanthology.org/W12-3016",
}

@inproceedings{mango,
author = {Nguyen, Tuan-Phong and Razniewski, Simon and Weikum, Gerhard},
title = {Cultural Commonsense Knowledge for Intercultural Dialogues},
year = {2024},
url = {https://doi.org/10.1145/3627673.3679768},
doi = {10.1145/3627673.3679768},
booktitle = {CIKM},
}

@inproceedings{yago45,
  author       = {Fabian M. Suchanek and
                  Mehwish Alam and
                  Thomas Bonald and
                  Lihu Chen and
                  Pierre{-}Henri Paris and
                  Jules Soria},
  editor       = {Grace Hui Yang and
                  Hongning Wang and
                  Sam Han and
                  Claudia Hauff and
                  Guido Zuccon and
                  Yi Zhang},
  title        = {{YAGO} 4.5: {A} Large and Clean Knowledge Base with a Rich Taxonomy},
  booktitle    = {SIGIR},
  year         = {2024},
  url          = {https://doi.org/10.1145/3626772.3657876},
  doi          = {10.1145/3626772.3657876},
}

@inproceedings{reimers-2019-sentence-bert,
  title = "Sentence-BERT: Sentence Embeddings using Siamese BERT-Networks",
  author = "Reimers, Nils and Gurevych, Iryna",
  booktitle = "EMNLP",
  month = "11",
  year = "2019",
  doi = "10.18653/v1/D19-1410",
}

@article{openai2024gpt4technicalreport,
      title={GPT-4 Technical Report}, 
      author={OpenAI},
      year={2024},
      journal={arXiv:2303.08774},
      url={https://arxiv.org/abs/2303.08774}, 
}

@article{llama31,
  author       = {Abhimanyu Dubey and 
                  Abhinav Jauhri and
                  Abhinav Pandey
                  et al.},
  title        = {The {Llama} 3 Herd of Models},
  journal       = {arXiv:2407.21783},
  year         = {2024},
  url          = {https://doi.org/10.48550/arXiv.2407.21783},
  doi          = {10.48550/ARXIV.2407.21783},
}

@inproceedings{knowledge-awakens,
  author       = {Johannes Hoffart and
                  Dragan Milchevski and
                  Gerhard Weikum and
                  Avishek Anand and
                  Jaspreet Singh},
  editor       = {Jacqueline Bourdeau and
                  Jim Hendler and
                  Roger Nkambou and
                  Ian Horrocks and
                  Ben Y. Zhao},
  title        = {The Knowledge Awakens: Keeping Knowledge Bases Fresh with Emerging
                  Entities},
  booktitle    = {WWW},
  year         = {2016},
  url          = {https://doi.org/10.1145/2872518.2890537},
  doi          = {10.1145/2872518.2890537},
}



@inproceedings{bert-snli,
  author       = {Zhuosheng Zhang and
                  Yuwei Wu and
                  Hai Zhao and
                  Zuchao Li and
                  Shuailiang Zhang and
                  Xi Zhou and
                  Xiang Zhou},
  title        = {Semantics-Aware {BERT} for Language Understanding},
  booktitle    = {AAAI},
  year         = {2020},
  url          = {https://doi.org/10.1609/aaai.v34i05.6510},
  doi          = {10.1609/AAAI.V34I05.6510},
}

@misc{openai2022sharingpublicationpolicy,
  title={Sharing \& publication policy},
  author={OpenAI},
  year={2022},
  url={https://openai.com/policies/sharing-publication-policy/},
  note={Available online: https://openai.com/policies/sharing-publication-policy. Retrieved December 11, 2024}
}

@misc{gptparameters1,
  title={Number of Parameters in GPT-4 (Latest Data)},
  author={Josh Howarth},
  year={2024},
  url={https://explodingtopics.com/blog/gpt-parameters/},
  note={Available online: https://explodingtopics.com/blog/gpt-parameters/. Retrieved December 11, 2024}
}

@misc{gptparameters2,
  title={OpenAI unveils GPT-4o mini, a smaller and cheaper AI model},
  author={Maxwell Zeff},
  year={2024},
  url={https://techcrunch.com/2024/07/18/openai-unveils-gpt-4o-mini-a-small-ai-model-powering-chatgpt/},
  note={Available online: https://techcrunch.com/2024/07/18/openai-unveils-gpt-4o-mini-a-small-ai-model-powering-chatgpt/. Retrieved December 11, 2024}
}

@inproceedings{petroni-etal-2019-language,
    title = "Language Models as Knowledge Bases?",
    author = {Petroni, Fabio  and
      Rockt{\"a}schel, Tim  and
      Riedel, Sebastian  and
      Lewis, Patrick  and
      Bakhtin, Anton  and
      Wu, Yuxiang  and
      Miller, Alexander},
    editor = "Inui, Kentaro  and
      Jiang, Jing  and
      Ng, Vincent  and
      Wan, Xiaojun",
    booktitle = "EMNLP",
    month = nov,
    year = "2019",
    url = "https://aclanthology.org/D19-1250",
    doi = "10.18653/v1/D19-1250",
}

@article{jiang-etal-2020-know,
    title = "How Can We Know What Language Models Know?",
    author = "Jiang, Zhengbao  and
      Xu, Frank F.  and
      Araki, Jun  and
      Neubig, Graham",
    editor = "Johnson, Mark  and
      Roark, Brian  and
      Nenkova, Ani",
    journal = "TACL",
    volume = "8",
    year = "2020",
    address = "Cambridge, MA",
    publisher = "MIT Press",
    url = "https://aclanthology.org/2020.tacl-1.28",
    doi = "10.1162/tacl_a_00324",
    pages = "423--438",
}

@inproceedings{roberts-etal-2020-much,
    title = "How Much Knowledge Can You Pack Into the Parameters of a Language Model?",
    author = "Roberts, Adam  and
      Raffel, Colin  and
      Shazeer, Noam",
    editor = "Webber, Bonnie  and
      Cohn, Trevor  and
      He, Yulan  and
      Liu, Yang",
    booktitle = "EMNLP",
    month = nov,
    year = "2020",
    url = "https://aclanthology.org/2020.emnlp-main.437",
    doi = "10.18653/v1/2020.emnlp-main.437",
}

@inproceedings{sun-etal-2024-head,
    title = "Head-to-Tail: How Knowledgeable are Large Language Models ({LLM}s)? {A}.{K}.{A}. Will {LLM}s Replace Knowledge Graphs?",
    author = "Sun, Kai  and
      Xu, Yifan  and
      Zha, Hanwen  and
      Liu, Yue  and
      Dong, Xin Luna",
    editor = "Duh, Kevin  and
      Gomez, Helena  and
      Bethard, Steven",
    booktitle = "NAACL",
    month = jun,
    year = "2024",
    url = "https://aclanthology.org/2024.naacl-long.18",
    doi = "10.18653/v1/2024.naacl-long.18",
}

@inproceedings{kassner-etal-2021-beliefbank,
    title = "{B}elief{B}ank: Adding Memory to a Pre-Trained Language Model for a Systematic Notion of Belief",
    author = {Kassner, Nora  and
      Tafjord, Oyvind  and
      Sch{\"u}tze, Hinrich  and
      Clark, Peter},
    editor = "Moens, Marie-Francine  and
      Huang, Xuanjing  and
      Specia, Lucia  and
      Yih, Scott Wen-tau",
    booktitle = "EMNLP",
    month = nov,
    year = "2021",
    url = "https://aclanthology.org/2021.emnlp-main.697",
    doi = "10.18653/v1/2021.emnlp-main.697",
}

@inproceedings{cohen-etal-2023-crawling,
    title = "Crawling The Internal Knowledge-Base of Language Models",
    author = "Cohen, Roi  and
      Geva, Mor  and
      Berant, Jonathan  and
      Globerson, Amir",
    editor = "Vlachos, Andreas  and
      Augenstein, Isabelle",
    booktitle = "EACL Findings",
    month = may,
    year = "2023",
    url = "https://aclanthology.org/2023.findings-eacl.139",
    doi = "10.18653/v1/2023.findings-eacl.139",
}

@inproceedings{bowman-etal-2015-large,
    title = "A large annotated corpus for learning natural language inference",
    author = "Bowman, Samuel R.  and
      Angeli, Gabor  and
      Potts, Christopher  and
      Manning, Christopher D.",
    editor = "M{\`a}rquez, Llu{\'\i}s  and
      Callison-Burch, Chris  and
      Su, Jian",
    booktitle = "EMNLP",
    month = sep,
    year = "2015",
    url = "https://aclanthology.org/D15-1075",
    doi = "10.18653/v1/D15-1075",
}

@article{wang-etal-2021-kepler,
    title = "{KEPLER}: A Unified Model for Knowledge Embedding and Pre-trained Language Representation",
    author = "Wang, Xiaozhi  and
      Gao, Tianyu  and
      Zhu, Zhaocheng  and
      Zhang, Zhengyan  and
      Liu, Zhiyuan  and
      Li, Juanzi  and
      Tang, Jian",
    editor = "Roark, Brian  and
      Nenkova, Ani",
    journal = "TACL",
    volume = "9",
    year = "2021",
    address = "Cambridge, MA",
    publisher = "MIT Press",
    url = "https://aclanthology.org/2021.tacl-1.11",
    doi = "10.1162/tacl_a_00360",
    pages = "176--194",
}
